@misc{Goodside2022,
  author        = {Goodside, R.},
  title         = {Exploiting GPT-3 prompts with malicious inputs that order the model to ignore its previous directions},
  howpublished  = {Twitter (X) post},
  month         = sep,
  year          = {2022},
  note          = {Available at \url{https://twitter.com/Goodside/status/XXXXXXX}}
}

@misc{Willison2022,
  author        = {Willison, Simon},
  title         = {Prompt injection attacks against GPT-3},
  howpublished  = {Simon Willison’s Weblog},
  month         = sep # “12”,
  year          = {2022},
  note          = {Online: \url{https://simonwillison.net/2022/Sep/12/prompt-injection/}}
}

@misc{EmbraceTheRed2023,
  author        = {{Embrace The Red}},
  title         = {Hacking Google Bard: From Prompt Injection to Data Exfiltration},
  howpublished  = {blog post},
  month         = nov,
  year          = {2023},
  note          = {Online: \url{https://embracethered.com/blog/posts/2023/google-bard-data-exfiltration/}}
}

@inproceedings{Greshake2023,
  author       = {Greshake, Kai and Abdelnabi, Sahar and Mishra, Shailesh and Endres, Christoph and Holz, Thorsten and Fritz, Mario},
  title        = {Not What You’ve Signed Up For: Compromising Real-World LLM-Integrated Applications with Indirect Prompt Injection},
  booktitle    = {16th ACM Workshop on Artificial Intelligence and Security (AISec)},
  year         = {2023},
  doi          = {10.1145/3605764.3623985}
}

@article{Yi2023,
  author       = {Yi, Jing and Xie, Yicheng and Zhu, Bowen and Kiciman, Emre and Sun, Guang and Xie, Xiaofei and Wu, Fei},
  title        = {Benchmarking and Defending Against Indirect Prompt Injection Attacks on Large Language Models},
  journal      = {arXiv preprint arXiv:2312.14197},
  year         = {2023},
  url          = {https://arxiv.org/abs/2312.14197}
}

@article{Chen2024,
  author       = {Chen, Siyuan and Piet, Jeroen and Sitawarin, Chawin and Wagner, David},
  title        = {StruQ: Defending against prompt injection with structured queries},
  journal      = {arXiv preprint arXiv:2402.06363},
  year         = {2024},
  url          = {https://arxiv.org/abs/2402.06363}
}

@inproceedings{Zou2024,
  author       = {Zou, Andrew and Phan, Long and Wang, Junyi and Duenas, Diana and Lin, Ming and Andriushchenko, Maksym and Kolter, J.~Zico and Fredrikson, Matt and Hendrycks, Dan},
  title        = {Improving alignment and robustness with circuit breakers},
  booktitle    = {Advances in Neural Information Processing Systems (NeurIPS)},
  year         = {2024}
}

@inproceedings{Wu2025,
  author       = {Wu, Yao and Roesner, Franz and Kohno, Tadayoshi and Zhang, Ning and Iqbal, Umar},
  title        = {IsolateGPT: An Execution Isolation Architecture for LLM-Based Agentic Systems},
  booktitle    = {Network and Distributed System Security Symposium (NDSS)},
  year         = {2025}
}

@article{Debenedetti2025,
  author       = {Debenedetti, Emilia and Shumailov, Ilia and Fan, Tianyu and Hayes, Jack and Carlini, Nicholas and Fabian, David and Kern, Carl and Shi, Chang and Terzis, Andreas and Tramer, Florian},
  title        = {Defeating prompt injections by design},
  journal      = {arXiv preprint arXiv:2503.18813},
  year         = {2025},
  url          = {https://arxiv.org/abs/2503.18813}
}
